[gd_resource type="BTerrainMaterial" load_steps=14 format=2]

[ext_resource path="res://Maps/Australia/T-Australia-Color.png" type="Texture2D" id=1]
[ext_resource path="res://Maps/Australia/T-Australia-AO.png" type="Texture2D" id=2]
[ext_resource path="res://Textures/Terrain-Grass-D.png" type="Texture2D" id=3]
[ext_resource path="res://Textures/Terrain-Grass-D-N.png" type="Texture2D" id=4]
[ext_resource path="res://Textures/Terrain-Sand-A.png" type="Texture2D" id=5]
[ext_resource path="res://Textures/Terrain-Sand-A-N.png" type="Texture2D" id=6]
[ext_resource path="res://Textures/Terrain-Grass-B.png" type="Texture2D" id=7]
[ext_resource path="res://Textures/Terrain-Grass-B-N.png" type="Texture2D" id=8]
[ext_resource path="res://Textures/Terrain-Dirt-A.png" type="Texture2D" id=9]
[ext_resource path="res://Textures/Terrain-Dirt-A-N.png" type="Texture2D" id=10]
[ext_resource path="res://Maps/Australia/T-Australia-Terrain.png" type="Texture2D" id=11]
[ext_resource path="res://Textures/Terrain-Dirt-B.png" type="Texture2D" id=12]
[ext_resource path="res://Textures/Terrain-Dirt-B-N.png" type="Texture2D" id=13]

[resource]
albedo_texture = ExtResource( 1 )
metallic = 0.1
metallic_specular = 0.2
roughness = 0.5
rim_enabled = true
rim = 0.05
rim_tint = 0.5
ao_light_affect = 0.5
ao_texture = ExtResource( 2 )
terrain_uv_scale = Vector2( 30, 30 )
terrain_texture = ExtResource( 11 )
terrain_layer_a_albedo = ExtResource( 12 )
terrain_layer_a_normal = ExtResource( 13 )
terrain_layer_r_albedo = ExtResource( 9 )
terrain_layer_r_normal = ExtResource( 10 )
terrain_layer_g_albedo = ExtResource( 7 )
terrain_layer_g_normal = ExtResource( 8 )
terrain_layer_b_albedo = ExtResource( 3 )
terrain_layer_b_normal = ExtResource( 4 )
terrain_layer_base_albedo = ExtResource( 5 )
terrain_layer_base_normal = ExtResource( 6 )
