[gd_scene load_steps=11 format=2]

[ext_resource path="res://Player/HUD.gd" type="Script" id=1]
[ext_resource path="res://UI/ButtonGroup.gd" type="Script" id=2]
[ext_resource path="res://Textures/UI-HUD-TopLeftBg.png" type="Texture2D" id=3]
[ext_resource path="res://Textures/UI-Menu-A.svg" type="Texture2D" id=4]
[ext_resource path="res://Textures/UI-HUD-TopRightBg.png" type="Texture2D" id=5]
[ext_resource path="res://Textures/UI-Calendar-A.png" type="Texture2D" id=6]
[ext_resource path="res://Fonts/Misc/Railway.otf" type="DynamicFontData" id=7]
[ext_resource path="res://Theme/default_theme.tres" type="Theme" id=8]
[ext_resource path="res://UI/ContextMenu.gd" type="Script" id=9]

[sub_resource type="DynamicFont" id=1]
size = 18
extra_spacing_top = -6
extra_spacing_bottom = -6
font_data = ExtResource( 7 )

[node name="CanvasLayer" type="CanvasLayer"]
script = ExtResource( 1 )

[node name="HUD" type="Control" parent="."]
anchor_right = 1.0
anchor_bottom = 1.0
mouse_filter = 2
theme = ExtResource( 8 )
__meta__ = {
"_edit_use_anchors_": false
}

[node name="MouseOverContainer" type="Control" parent="HUD"]
anchor_right = 1.0
anchor_bottom = 1.0
mouse_filter = 2
__meta__ = {
"_edit_use_anchors_": false
}

[node name="ContextContainer" type="Control" parent="HUD"]
anchor_right = 1.0
anchor_bottom = 1.0
mouse_filter = 2

[node name="HUDContainer" type="Control" parent="HUD"]
anchor_right = 1.0
anchor_bottom = 1.0
mouse_filter = 2
__meta__ = {
"_edit_use_anchors_": false
}

[node name="StateButtonContainer" type="HBoxContainer" parent="HUD/HUDContainer"]
anchor_top = 1.0
anchor_right = 1.0
anchor_bottom = 1.0
margin_left = 1.0
margin_top = -76.0
margin_right = 1.0
margin_bottom = -12.0
rect_min_size = Vector2( 0, 64 )
mouse_filter = 2
custom_constants/separation = 10
alignment = 1
script = ExtResource( 2 )

[node name="TopLeftBg" type="TextureRect" parent="HUD/HUDContainer"]
margin_right = 300.0
margin_bottom = 24.0
texture = ExtResource( 3 )

[node name="TopLeftContainer" type="HBoxContainer" parent="HUD/HUDContainer"]
margin_right = 68.0
margin_bottom = 24.0
rect_min_size = Vector2( 0, 24 )
__meta__ = {
"_edit_use_anchors_": false
}

[node name="Spacer3" type="Control" parent="HUD/HUDContainer/TopLeftContainer"]
margin_right = 5.0
margin_bottom = 24.0
rect_min_size = Vector2( 5, 10 )

[node name="CenterContainer" type="CenterContainer" parent="HUD/HUDContainer/TopLeftContainer"]
margin_left = 9.0
margin_right = 29.0
margin_bottom = 24.0

[node name="DialogPanelButtonContainerLeft" type="HBoxContainer" parent="HUD/HUDContainer/TopLeftContainer/CenterContainer"]
margin_top = 2.0
margin_right = 20.0
margin_bottom = 22.0

[node name="GameMenuBtn" type="TextureButton" parent="HUD/HUDContainer/TopLeftContainer/CenterContainer/DialogPanelButtonContainerLeft"]
margin_right = 20.0
margin_bottom = 20.0
rect_min_size = Vector2( 20, 20 )
focus_mode = 0
enabled_focus_mode = 0
texture_normal = ExtResource( 4 )
texture_pressed = ExtResource( 4 )

[node name="TopRightBg" type="TextureRect" parent="HUD/HUDContainer"]
anchor_left = 1.0
anchor_right = 1.0
margin_left = -300.0
margin_bottom = 24.0
texture = ExtResource( 5 )
__meta__ = {
"_edit_use_anchors_": false
}

[node name="TopRightContainer" type="HBoxContainer" parent="HUD/HUDContainer"]
anchor_left = 1.0
anchor_right = 1.0
margin_left = -300.0
margin_bottom = 32.0
rect_min_size = Vector2( 0, 24 )
mouse_filter = 2
custom_constants/separation = 10
alignment = 2
__meta__ = {
"_edit_use_anchors_": false
}

[node name="HBoxContainer" type="HBoxContainer" parent="HUD/HUDContainer/TopRightContainer"]
margin_left = 69.0
margin_right = 300.0
margin_bottom = 20.0
size_flags_vertical = 0

[node name="CenterContainer" type="CenterContainer" parent="HUD/HUDContainer/TopRightContainer/HBoxContainer"]
margin_right = 20.0
margin_bottom = 20.0

[node name="TextureRect" type="TextureRect" parent="HUD/HUDContainer/TopRightContainer/HBoxContainer/CenterContainer"]
self_modulate = Color( 1, 1, 1, 0.705882 )
margin_right = 20.0
margin_bottom = 20.0
mouse_filter = 2
texture = ExtResource( 6 )

[node name="CenterContainer2" type="CenterContainer" parent="HUD/HUDContainer/TopRightContainer/HBoxContainer"]
margin_left = 24.0
margin_right = 85.0
margin_bottom = 20.0

[node name="DateLbl" type="Label" parent="HUD/HUDContainer/TopRightContainer/HBoxContainer/CenterContainer2"]
margin_top = 1.0
margin_right = 61.0
margin_bottom = 19.0
size_flags_vertical = 0
text = "Jun 1942"
align = 2

[node name="CenterContainer3" type="CenterContainer" parent="HUD/HUDContainer/TopRightContainer/HBoxContainer"]
margin_left = 89.0
margin_right = 209.0
margin_bottom = 20.0

[node name="MoneyLbl" type="Label" parent="HUD/HUDContainer/TopRightContainer/HBoxContainer/CenterContainer3"]
margin_top = 4.0
margin_right = 120.0
margin_bottom = 16.0
rect_min_size = Vector2( 120, 0 )
size_flags_vertical = 0
custom_fonts/font = SubResource( 1 )
text = "$9,999,999"
align = 2

[node name="Spacer" type="Control" parent="HUD/HUDContainer/TopRightContainer/HBoxContainer"]
margin_left = 213.0
margin_right = 218.0
margin_bottom = 20.0
rect_min_size = Vector2( 5, 10 )

[node name="CenterContainer4" type="CenterContainer" parent="HUD/HUDContainer/TopRightContainer/HBoxContainer"]
margin_left = 222.0
margin_right = 222.0
margin_bottom = 20.0

[node name="DialogPanelButtonContainerRight" type="HBoxContainer" parent="HUD/HUDContainer/TopRightContainer/HBoxContainer/CenterContainer4"]
margin_top = 10.0
margin_bottom = 10.0

[node name="Spacer2" type="Control" parent="HUD/HUDContainer/TopRightContainer/HBoxContainer"]
margin_left = 226.0
margin_right = 231.0
margin_bottom = 20.0
rect_min_size = Vector2( 5, 10 )

[node name="LeftPanelContainer" type="HPanelBoxContainer" parent="HUD/HUDContainer"]
anchor_bottom = 1.0
margin_left = 5.0
margin_top = 29.0
margin_right = 330.0
margin_bottom = -82.0
mouse_filter = 2
size_flags_horizontal = 0
size_flags_vertical = 0
spacing = 5
__meta__ = {
"_edit_use_anchors_": false
}

[node name="RightPanelContainer" type="HPanelBoxContainer" parent="HUD/HUDContainer"]
anchor_left = 1.0
anchor_right = 1.0
anchor_bottom = 1.0
margin_left = -452.0
margin_top = 29.0
margin_right = -5.0
margin_bottom = -82.0
grow_horizontal = 0
mouse_filter = 2
size_flags_horizontal = 0
size_flags_vertical = 0
spacing = 5
alignment = 2
__meta__ = {
"_edit_use_anchors_": false
}

[node name="ContextMenu" type="PopupMenu" parent="HUD/HUDContainer"]
margin_right = 16.0
margin_bottom = 16.0
script = ExtResource( 9 )

[node name="WindowContainer" type="Control" parent="HUD"]
anchor_right = 1.0
anchor_bottom = 1.0
mouse_filter = 2
__meta__ = {
"_edit_use_anchors_": false
}
[connection signal="pressed" from="HUD/HUDContainer/TopLeftContainer/CenterContainer/DialogPanelButtonContainerLeft/GameMenuBtn" to="." method="_on_GameMenuBtn_pressed"]
