[gd_scene load_steps=10 format=2]

[ext_resource path="res://Player/TrainEditorState.gd" type="Script" id=1]
[ext_resource path="res://Buildable/Train.tscn" type="PackedScene" id=2]
[ext_resource path="res://Buildable/Carriage.tscn" type="PackedScene" id=3]
[ext_resource path="res://Textures/UI-Train-A.png" type="Texture2D" id=4]
[ext_resource path="res://Textures/UI-Train-B.png" type="Texture2D" id=5]
[ext_resource path="res://Player/ResourceNodeInfo.tscn" type="PackedScene" id=6]
[ext_resource path="res://Audio/AudioPool.gd" type="Script" id=7]
[ext_resource path="res://Audio/Vehicle-TrainWhistle-A.wav" type="AudioStream" id=8]
[ext_resource path="res://Audio/Voice-AllAboard-A.wav" type="AudioStream" id=9]

[node name="TrainEditorState" type="Node"]
script = ExtResource( 1 )
available_in_demo = true
globalsNodeName = "Trains"
networkNamePrefix = "Train"
selectableClassName = "ResourceNode"
vehicleTemplate = ExtResource( 2 )
carriageTemplate = ExtResource( 3 )
button_path = NodePath("TextureButton")
dialog_path = NodePath("TrainSetup")

[node name="TextureButton" type="TextureButton" parent="."]
margin_left = -1.0
margin_right = 63.0
margin_bottom = 64.0
rect_min_size = Vector2( 64, 64 )
toggle_mode = true
texture_normal = ExtResource( 4 )
texture_pressed = ExtResource( 5 )
expand = true
__meta__ = {
"_edit_lock_": true
}

[node name="TrainSetup" type="BPanel" parent="."]
margin_left = 640.0
margin_top = 57.0
margin_right = 1010.0
margin_bottom = 573.0
resizable = true
draw_type = 1

[node name="VBoxContainer" type="VBoxContainer" parent="TrainSetup"]
anchor_right = 1.0
anchor_bottom = 1.0
margin_left = 4.0
margin_top = 4.0
margin_right = -4.0
margin_bottom = -4.0
__meta__ = {
"_edit_lock_": true
}

[node name="HBoxContainer2" type="HBoxContainer" parent="TrainSetup/VBoxContainer"]
margin_right = 362.0
margin_bottom = 24.0

[node name="VehicleNameEdit" type="LineEdit" parent="TrainSetup/VBoxContainer/HBoxContainer2"]
margin_right = 346.0
margin_bottom = 24.0
size_flags_horizontal = 3
text = "Fabians phat l00t express"

[node name="RandomNameButton" type="ToolButton" parent="TrainSetup/VBoxContainer/HBoxContainer2"]
margin_left = 350.0
margin_right = 362.0
margin_bottom = 24.0

[node name="ScrollContainer" type="ScrollContainer" parent="TrainSetup/VBoxContainer"]
margin_top = 28.0
margin_right = 362.0
margin_bottom = 450.0
size_flags_horizontal = 3
size_flags_vertical = 3

[node name="RouteList" type="VBoxContainer" parent="TrainSetup/VBoxContainer/ScrollContainer"]
margin_right = 362.0
margin_bottom = 422.0
size_flags_horizontal = 3
size_flags_vertical = 3

[node name="HelperTip" type="RichTextLabel" parent="TrainSetup/VBoxContainer/ScrollContainer/RouteList"]
margin_right = 362.0
margin_bottom = 250.0
rect_min_size = Vector2( 0, 250 )
bbcode_enabled = true
bbcode_text = "[b]Select terminals or resource nodes to add to the route.[/b]

Terminals can be rearranged with drag and drop.
Terminals can be removed by pressing the delete icon.
Zoom to resource nodes by pressing the locate icon.

Train inventory can be modified at each station by clicking the resource icons. 
The vehicle icons shows the departing inventory.
"
text = "Select terminals or resource nodes to add to the route.

Terminals can be rearranged with drag and drop.
Terminals can be removed by pressing the delete icon.
Zoom to resource nodes by pressing the locate icon.

Train inventory can be modified at each station by clicking the resource icons. 
The vehicle icons shows the departing inventory.
"

[node name="TerminalTemplate" parent="TrainSetup/VBoxContainer/ScrollContainer/RouteList" instance=ExtResource( 6 )]
margin_right = 362.0

[node name="CostPanel" type="BPanel" parent="TrainSetup/VBoxContainer"]
margin_top = 454.0
margin_right = 362.0
margin_bottom = 484.0
rect_min_size = Vector2( 0, 30 )

[node name="CostContainer" type="HBoxContainer" parent="TrainSetup/VBoxContainer/CostPanel"]
anchor_right = 1.0
anchor_bottom = 1.0
margin_left = 4.0
margin_top = 4.0
margin_right = -4.0
margin_bottom = -4.0
mouse_filter = 0

[node name="CostLbl" type="Label" parent="TrainSetup/VBoxContainer/CostPanel/CostContainer"]
margin_right = 177.0
margin_bottom = 14.0
size_flags_vertical = 0
text = "Purchase/Maintenance Cost"

[node name="PurchaseCostLbl" type="Label" parent="TrainSetup/VBoxContainer/CostPanel/CostContainer"]
margin_left = 181.0
margin_right = 261.0
margin_bottom = 14.0
rect_min_size = Vector2( 80, 0 )
size_flags_vertical = 0
text = "$"
align = 2

[node name="MaintenanceCostLbl" type="Label" parent="TrainSetup/VBoxContainer/CostPanel/CostContainer"]
margin_left = 265.0
margin_right = 345.0
margin_bottom = 14.0
rect_min_size = Vector2( 80, 0 )
size_flags_vertical = 0
text = "$"
align = 2

[node name="HBoxContainer" type="HBoxContainer" parent="TrainSetup/VBoxContainer"]
margin_top = 488.0
margin_right = 362.0
margin_bottom = 508.0
alignment = 2

[node name="CancelButton" type="Button" parent="TrainSetup/VBoxContainer/HBoxContainer"]
margin_left = 186.0
margin_right = 240.0
margin_bottom = 20.0
text = "Cancel"

[node name="OkButton" type="Button" parent="TrainSetup/VBoxContainer/HBoxContainer"]
margin_left = 244.0
margin_right = 362.0
margin_bottom = 20.0
text = "Loan & Purchase"

[node name="OkPressed" type="Node" parent="."]
script = ExtResource( 7 )
play_mode = 0
chance_to_play = 100.0
unit_db = 10.0
unit_size = 100
trigger_on_ready = false
bus = "Effect"

[node name="AudioStreamPlayer" type="AudioStreamPlayer" parent="OkPressed"]
stream = ExtResource( 8 )
bus = "Effect"

[node name="AudioStreamPlayer2" type="AudioStreamPlayer" parent="OkPressed"]
stream = ExtResource( 9 )
bus = "Effect"
[connection signal="toggled" from="TextureButton" to="." method="_on_TextureButton_toggled"]
[connection signal="pressed" from="TrainSetup/VBoxContainer/HBoxContainer2/RandomNameButton" to="." method="_on_RandomNameButton_pressed"]
[connection signal="pressed" from="TrainSetup/VBoxContainer/HBoxContainer/CancelButton" to="." method="_on_CancelBtn_pressed"]
[connection signal="pressed" from="TrainSetup/VBoxContainer/HBoxContainer/OkButton" to="." method="_on_OkButton_pressed"]
