[gd_scene load_steps=5 format=2]

[ext_resource path="res://UI/Console.gd" type="Script" id=1]
[ext_resource path="res://UI/DebugPanel.gd" type="Script" id=2]
[ext_resource path="res://UI/Performance.gd" type="Script" id=3]
[ext_resource path="res://Theme/default_theme.tres" type="Theme" id=4]

[node name="CanvasLayer" type="CanvasLayer"]
pause_mode = 2
layer = 10
script = ExtResource( 1 )

[node name="ConsoleRoot" type="MarginContainer" parent="."]
anchor_left = 0.5
anchor_right = 0.5
margin_left = -512.0
margin_right = 512.0
margin_bottom = 600.0
theme = ExtResource( 4 )
custom_constants/margin_bottom = 200
__meta__ = {
"_edit_use_anchors_": false
}

[node name="Panel" type="Panel" parent="ConsoleRoot"]
self_modulate = Color( 1, 1, 1, 0.705882 )
margin_right = 1024.0
margin_bottom = 400.0

[node name="MarginContainer" type="MarginContainer" parent="ConsoleRoot/Panel"]
anchor_right = 1.0
anchor_bottom = 1.0
custom_constants/margin_right = 10
custom_constants/margin_top = 10
custom_constants/margin_left = 10
custom_constants/margin_bottom = 10

[node name="HSplitContainer" type="HBoxContainer" parent="ConsoleRoot/Panel/MarginContainer"]
margin_left = 10.0
margin_top = 10.0
margin_right = 1014.0
margin_bottom = 390.0
size_flags_horizontal = 3
size_flags_vertical = 3

[node name="ConsoleContainer" type="VBoxContainer" parent="ConsoleRoot/Panel/MarginContainer/HSplitContainer"]
margin_right = 750.0
margin_bottom = 380.0
size_flags_horizontal = 3
size_flags_vertical = 3
alignment = 2

[node name="ConsoleText" type="RichTextLabel" parent="ConsoleRoot/Panel/MarginContainer/HSplitContainer/ConsoleContainer"]
margin_right = 750.0
margin_bottom = 350.0
rect_min_size = Vector2( 50, 0 )
size_flags_horizontal = 3
size_flags_vertical = 3
size_flags_stretch_ratio = 10.0
custom_constants/line_separation = 4
bbcode_enabled = true

[node name="LineEdit" type="LineEdit" parent="ConsoleRoot/Panel/MarginContainer/HSplitContainer/ConsoleContainer"]
margin_top = 354.0
margin_right = 750.0
margin_bottom = 380.0
text = "> command"
clear_button_enabled = true

[node name="ScrollContainer" type="ScrollContainer" parent="ConsoleRoot/Panel/MarginContainer/HSplitContainer"]
margin_left = 754.0
margin_right = 1004.0
margin_bottom = 380.0
rect_min_size = Vector2( 250, 0 )

[node name="DebugContainer" type="VBoxContainer" parent="ConsoleRoot/Panel/MarginContainer/HSplitContainer/ScrollContainer"]
margin_right = 250.0
margin_bottom = 380.0
size_flags_horizontal = 3
size_flags_vertical = 3
script = ExtResource( 2 )

[node name="GridContainer" type="GridContainer" parent="ConsoleRoot/Panel/MarginContainer/HSplitContainer/ScrollContainer/DebugContainer"]
margin_right = 250.0
margin_bottom = 86.0
columns = 2

[node name="Collision" type="CheckBox" parent="ConsoleRoot/Panel/MarginContainer/HSplitContainer/ScrollContainer/DebugContainer/GridContainer"]
margin_right = 120.0
margin_bottom = 26.0
focus_mode = 0
enabled_focus_mode = 0
text = "Collision Wire"

[node name="PauseCheck" type="CheckBox" parent="ConsoleRoot/Panel/MarginContainer/HSplitContainer/ScrollContainer/DebugContainer/GridContainer"]
margin_left = 124.0
margin_right = 218.0
margin_bottom = 26.0
focus_mode = 0
enabled_focus_mode = 0
text = "Pause"

[node name="LODCheck" type="CheckBox" parent="ConsoleRoot/Panel/MarginContainer/HSplitContainer/ScrollContainer/DebugContainer/GridContainer"]
margin_top = 30.0
margin_right = 120.0
margin_bottom = 56.0
focus_mode = 0
enabled_focus_mode = 0
text = "LOD"

[node name="HUDVisibleCheck" type="CheckBox" parent="ConsoleRoot/Panel/MarginContainer/HSplitContainer/ScrollContainer/DebugContainer/GridContainer"]
margin_left = 124.0
margin_top = 30.0
margin_right = 218.0
margin_bottom = 56.0
focus_mode = 0
enabled_focus_mode = 0
text = "Hide HUD"

[node name="DebugText" type="CheckBox" parent="ConsoleRoot/Panel/MarginContainer/HSplitContainer/ScrollContainer/DebugContainer/GridContainer"]
margin_top = 60.0
margin_right = 120.0
margin_bottom = 86.0
focus_mode = 0
enabled_focus_mode = 0
text = "Debug Text"

[node name="GridContainer2" type="GridContainer" parent="ConsoleRoot/Panel/MarginContainer/HSplitContainer/ScrollContainer/DebugContainer"]
margin_top = 90.0
margin_right = 250.0
margin_bottom = 146.0
columns = 2

[node name="Label3" type="Label" parent="ConsoleRoot/Panel/MarginContainer/HSplitContainer/ScrollContainer/DebugContainer/GridContainer2"]
margin_top = 3.0
margin_right = 76.0
margin_bottom = 23.0
rect_min_size = Vector2( 0, 20 )
text = "Draw Mode"

[node name="DebugDraw" type="OptionButton" parent="ConsoleRoot/Panel/MarginContainer/HSplitContainer/ScrollContainer/DebugContainer/GridContainer2"]
margin_left = 80.0
margin_right = 250.0
margin_bottom = 26.0
focus_mode = 0
size_flags_horizontal = 3
enabled_focus_mode = 0

[node name="Label4" type="Label" parent="ConsoleRoot/Panel/MarginContainer/HSplitContainer/ScrollContainer/DebugContainer/GridContainer2"]
margin_top = 33.0
margin_right = 76.0
margin_bottom = 53.0
rect_min_size = Vector2( 0, 20 )
text = "Camera"

[node name="CameraOption" type="OptionButton" parent="ConsoleRoot/Panel/MarginContainer/HSplitContainer/ScrollContainer/DebugContainer/GridContainer2"]
margin_left = 80.0
margin_top = 30.0
margin_right = 250.0
margin_bottom = 56.0
focus_mode = 0
enabled_focus_mode = 0

[node name="NearDof" type="GridContainer" parent="ConsoleRoot/Panel/MarginContainer/HSplitContainer/ScrollContainer/DebugContainer"]
margin_top = 150.0
margin_right = 250.0
margin_bottom = 244.0
columns = 2

[node name="EnabledLabel" type="Label" parent="ConsoleRoot/Panel/MarginContainer/HSplitContainer/ScrollContainer/DebugContainer/NearDof"]
margin_top = 8.0
margin_right = 114.0
margin_bottom = 26.0
text = "Near DOF Enable"

[node name="Enabled" type="CheckButton" parent="ConsoleRoot/Panel/MarginContainer/HSplitContainer/ScrollContainer/DebugContainer/NearDof"]
margin_left = 118.0
margin_right = 250.0
margin_bottom = 34.0

[node name="DistanceLabel" type="Label" parent="ConsoleRoot/Panel/MarginContainer/HSplitContainer/ScrollContainer/DebugContainer/NearDof"]
margin_top = 42.0
margin_right = 114.0
margin_bottom = 60.0
text = "Distance"
__meta__ = {
"_edit_use_anchors_": false
}

[node name="Distance" type="BSpinSlider" parent="ConsoleRoot/Panel/MarginContainer/HSplitContainer/ScrollContainer/DebugContainer/NearDof"]
margin_left = 118.0
margin_top = 38.0
margin_right = 250.0
margin_bottom = 64.0
size_flags_horizontal = 3
max_value = 8192.0
step = 0.01
value = 100.0

[node name="TransitionLabel" type="Label" parent="ConsoleRoot/Panel/MarginContainer/HSplitContainer/ScrollContainer/DebugContainer/NearDof"]
margin_top = 72.0
margin_right = 114.0
margin_bottom = 90.0
text = "Transition"
__meta__ = {
"_edit_use_anchors_": false
}

[node name="Transition" type="BSpinSlider" parent="ConsoleRoot/Panel/MarginContainer/HSplitContainer/ScrollContainer/DebugContainer/NearDof"]
margin_left = 118.0
margin_top = 68.0
margin_right = 250.0
margin_bottom = 94.0
size_flags_horizontal = 3
min_value = 0.01
max_value = 8192.0
step = 0.01
value = 1000.0

[node name="FarDof" type="GridContainer" parent="ConsoleRoot/Panel/MarginContainer/HSplitContainer/ScrollContainer/DebugContainer"]
margin_top = 248.0
margin_right = 250.0
margin_bottom = 342.0
columns = 2

[node name="EnabledLabel" type="Label" parent="ConsoleRoot/Panel/MarginContainer/HSplitContainer/ScrollContainer/DebugContainer/FarDof"]
margin_top = 8.0
margin_right = 102.0
margin_bottom = 26.0
text = "Far DOF Enable"

[node name="Enabled" type="CheckButton" parent="ConsoleRoot/Panel/MarginContainer/HSplitContainer/ScrollContainer/DebugContainer/FarDof"]
margin_left = 106.0
margin_right = 250.0
margin_bottom = 34.0

[node name="DistanceLabel" type="Label" parent="ConsoleRoot/Panel/MarginContainer/HSplitContainer/ScrollContainer/DebugContainer/FarDof"]
margin_top = 42.0
margin_right = 102.0
margin_bottom = 60.0
text = "Distance"
__meta__ = {
"_edit_use_anchors_": false
}

[node name="Distance" type="BSpinSlider" parent="ConsoleRoot/Panel/MarginContainer/HSplitContainer/ScrollContainer/DebugContainer/FarDof"]
margin_left = 106.0
margin_top = 38.0
margin_right = 250.0
margin_bottom = 64.0
size_flags_horizontal = 3
max_value = 8192.0
step = 0.01
value = 3000.0

[node name="TransitionLabel" type="Label" parent="ConsoleRoot/Panel/MarginContainer/HSplitContainer/ScrollContainer/DebugContainer/FarDof"]
margin_top = 72.0
margin_right = 102.0
margin_bottom = 90.0
text = "Transition"
__meta__ = {
"_edit_use_anchors_": false
}

[node name="Transition" type="BSpinSlider" parent="ConsoleRoot/Panel/MarginContainer/HSplitContainer/ScrollContainer/DebugContainer/FarDof"]
margin_left = 106.0
margin_top = 68.0
margin_right = 250.0
margin_bottom = 94.0
size_flags_horizontal = 3
min_value = 0.01
max_value = 8192.0
step = 0.01
value = 1000.0

[node name="GridContainer3" type="GridContainer" parent="ConsoleRoot/Panel/MarginContainer/HSplitContainer/ScrollContainer/DebugContainer"]
margin_top = 346.0
margin_right = 250.0
margin_bottom = 372.0
columns = 2

[node name="DofAmountLabel" type="Label" parent="ConsoleRoot/Panel/MarginContainer/HSplitContainer/ScrollContainer/DebugContainer/GridContainer3"]
margin_top = 4.0
margin_right = 87.0
margin_bottom = 22.0
text = "DOF Amount"
__meta__ = {
"_edit_use_anchors_": false
}

[node name="DofAmount" type="BSpinSlider" parent="ConsoleRoot/Panel/MarginContainer/HSplitContainer/ScrollContainer/DebugContainer/GridContainer3"]
margin_left = 91.0
margin_right = 250.0
margin_bottom = 26.0
size_flags_horizontal = 3
max_value = 1.0
step = 0.01
value = 0.1

[node name="PerformanceRoot" type="Panel" parent="."]
self_modulate = Color( 1, 1, 1, 0.501961 )
anchor_left = 0.5
anchor_right = 0.5
margin_left = -156.0
margin_right = 155.0
margin_bottom = 25.0
theme = ExtResource( 4 )
script = ExtResource( 3 )
__meta__ = {
"_edit_use_anchors_": false
}

[node name="MarginContainer" type="MarginContainer" parent="PerformanceRoot"]
margin_right = 363.0
margin_bottom = 38.0
custom_constants/margin_right = 5
custom_constants/margin_top = 5
custom_constants/margin_left = 5
custom_constants/margin_bottom = 5

[node name="VBoxContainer" type="VBoxContainer" parent="PerformanceRoot/MarginContainer"]
margin_left = 5.0
margin_top = 5.0
margin_right = 358.0
margin_bottom = 33.0

[node name="HBoxContainer" type="HBoxContainer" parent="PerformanceRoot/MarginContainer/VBoxContainer"]
margin_right = 353.0
margin_bottom = 28.0
size_flags_horizontal = 3
size_flags_vertical = 3
alignment = 1

[node name="fps" type="Label" parent="PerformanceRoot/MarginContainer/VBoxContainer/HBoxContainer"]
margin_left = 16.0
margin_right = 40.0
margin_bottom = 18.0
size_flags_vertical = 0
text = "FPS"

[node name="CUR_FPS" type="Label" parent="PerformanceRoot/MarginContainer/VBoxContainer/HBoxContainer"]
margin_left = 44.0
margin_right = 84.0
margin_bottom = 18.0
size_flags_vertical = 0
custom_colors/font_color = Color( 0.964706, 0.901961, 0.219608, 1 )
text = "9999"

[node name="calls" type="Label" parent="PerformanceRoot/MarginContainer/VBoxContainer/HBoxContainer"]
margin_left = 88.0
margin_right = 130.0
margin_bottom = 18.0
size_flags_vertical = 0
text = "Draws"

[node name="DRAW_CALLS" type="Label" parent="PerformanceRoot/MarginContainer/VBoxContainer/HBoxContainer"]
margin_left = 134.0
margin_right = 174.0
margin_bottom = 18.0
size_flags_vertical = 0
custom_colors/font_color = Color( 0.964706, 0.901961, 0.219608, 1 )
text = "9999"

[node name="obj" type="Label" parent="PerformanceRoot/MarginContainer/VBoxContainer/HBoxContainer"]
margin_left = 178.0
margin_right = 208.0
margin_bottom = 18.0
size_flags_vertical = 0
text = "Objs"

[node name="OBJ_FRAME" type="Label" parent="PerformanceRoot/MarginContainer/VBoxContainer/HBoxContainer"]
margin_left = 212.0
margin_right = 252.0
margin_bottom = 18.0
size_flags_vertical = 0
custom_colors/font_color = Color( 0.964706, 0.901961, 0.219608, 1 )
text = "9999"

[node name="vert" type="Label" parent="PerformanceRoot/MarginContainer/VBoxContainer/HBoxContainer"]
margin_left = 256.0
margin_right = 292.0
margin_bottom = 18.0
size_flags_vertical = 0
text = "Verts"

[node name="VERT_FRAME" type="Label" parent="PerformanceRoot/MarginContainer/VBoxContainer/HBoxContainer"]
margin_left = 296.0
margin_right = 336.0
margin_bottom = 18.0
size_flags_vertical = 0
custom_colors/font_color = Color( 0.964706, 0.901961, 0.219608, 1 )
text = "9999"
[connection signal="text_changed" from="ConsoleRoot/Panel/MarginContainer/HSplitContainer/ConsoleContainer/LineEdit" to="." method="_on_LineEdit_text_changed"]
[connection signal="text_entered" from="ConsoleRoot/Panel/MarginContainer/HSplitContainer/ConsoleContainer/LineEdit" to="." method="_on_LineEdit_text_entered"]
[connection signal="toggled" from="ConsoleRoot/Panel/MarginContainer/HSplitContainer/ScrollContainer/DebugContainer/GridContainer/PauseCheck" to="ConsoleRoot/Panel/MarginContainer/HSplitContainer/ScrollContainer/DebugContainer" method="_on_PauseCheck_toggled"]
[connection signal="toggled" from="ConsoleRoot/Panel/MarginContainer/HSplitContainer/ScrollContainer/DebugContainer/GridContainer/HUDVisibleCheck" to="ConsoleRoot/Panel/MarginContainer/HSplitContainer/ScrollContainer/DebugContainer" method="_on_HUDVisibleCheck_toggled"]
[connection signal="toggled" from="ConsoleRoot/Panel/MarginContainer/HSplitContainer/ScrollContainer/DebugContainer/GridContainer/DebugText" to="ConsoleRoot/Panel/MarginContainer/HSplitContainer/ScrollContainer/DebugContainer" method="_on_DebugText_toggled"]
[connection signal="toggled" from="ConsoleRoot/Panel/MarginContainer/HSplitContainer/ScrollContainer/DebugContainer/NearDof/Enabled" to="ConsoleRoot/Panel/MarginContainer/HSplitContainer/ScrollContainer/DebugContainer" method="_on_dof_toggled"]
[connection signal="value_changed" from="ConsoleRoot/Panel/MarginContainer/HSplitContainer/ScrollContainer/DebugContainer/NearDof/Distance" to="ConsoleRoot/Panel/MarginContainer/HSplitContainer/ScrollContainer/DebugContainer" method="_on_dof_value_changed"]
[connection signal="value_changed" from="ConsoleRoot/Panel/MarginContainer/HSplitContainer/ScrollContainer/DebugContainer/NearDof/Transition" to="ConsoleRoot/Panel/MarginContainer/HSplitContainer/ScrollContainer/DebugContainer" method="_on_dof_value_changed"]
[connection signal="toggled" from="ConsoleRoot/Panel/MarginContainer/HSplitContainer/ScrollContainer/DebugContainer/FarDof/Enabled" to="ConsoleRoot/Panel/MarginContainer/HSplitContainer/ScrollContainer/DebugContainer" method="_on_dof_toggled"]
[connection signal="value_changed" from="ConsoleRoot/Panel/MarginContainer/HSplitContainer/ScrollContainer/DebugContainer/FarDof/Distance" to="ConsoleRoot/Panel/MarginContainer/HSplitContainer/ScrollContainer/DebugContainer" method="_on_dof_value_changed"]
[connection signal="value_changed" from="ConsoleRoot/Panel/MarginContainer/HSplitContainer/ScrollContainer/DebugContainer/FarDof/Transition" to="ConsoleRoot/Panel/MarginContainer/HSplitContainer/ScrollContainer/DebugContainer" method="_on_dof_value_changed"]
[connection signal="value_changed" from="ConsoleRoot/Panel/MarginContainer/HSplitContainer/ScrollContainer/DebugContainer/GridContainer3/DofAmount" to="ConsoleRoot/Panel/MarginContainer/HSplitContainer/ScrollContainer/DebugContainer" method="_on_dof_value_changed"]
