[gd_scene load_steps=6 format=2]

[ext_resource path="res://Buildable/Junction.gd" type="Script" id=1]
[ext_resource path="res://Buildable/Connection.tscn" type="PackedScene" id=2]
[ext_resource path="res://UI/DebugTextWidget.tscn" type="PackedScene" id=3]
[ext_resource path="res://Mesh/Structure-RailSignal-A.glb" type="PackedScene" id=4]
[ext_resource path="res://Mesh/Structure-RailSignal-B.glb" type="PackedScene" id=5]

[node name="TrainJunction" type="Spatial"]
script = ExtResource( 1 )

[node name="Spatial" type="Spatial" parent="."]
editor/display_folded = true

[node name="In-Connection" parent="Spatial" instance=ExtResource( 2 )]
editor/display_folded = true
direction = 1

[node name="Out-Connection" parent="Spatial" instance=ExtResource( 2 )]
transform = Transform( 1, 0, -8.72665e-08, 0, 1, 0, 8.72665e-08, 0, 1, 0, 0, 0 )
direction = 2

[node name="DebugTextWidget" parent="." instance=ExtResource( 3 )]

[node name="BLODGroup" type="BLODGroup" parent="."]
distance = 4.0
enabled_in_editor = true
lod_range_far_1 = 800.0

[node name="LOD0" type="Spatial" parent="BLODGroup"]

[node name="Structure-Big" parent="BLODGroup/LOD0" instance=ExtResource( 4 )]

[node name="Structure-Small" parent="BLODGroup/LOD0" instance=ExtResource( 5 )]
