[gd_scene load_steps=7 format=2]

[ext_resource path="res://Buildable/TruckDepot.gd" type="Script" id=1]
[ext_resource path="res://Buildable/TruckDepotJunction.tscn" type="PackedScene" id=2]
[ext_resource path="res://Mesh/Structure-Warehouse-A.glb" type="PackedScene" id=3]
[ext_resource path="res://Props/RayCastToGround.tscn" type="PackedScene" id=4]
[ext_resource path="res://Game/Finances.gd" type="Script" id=5]






[sub_resource type="BoxShape" id=1]

extents = Vector3( 3.91971, 4.862, 8.92342 )

[node name="TruckDepot" type="Spatial"]

script = ExtResource( 1 )

[node name="StaticBody" type="StaticBody" parent="."]

input_ray_pickable = true
input_capture_on_drag = false
shape_count = 1
shapes/0/shape = SubResource( 1 )
shapes/0/transform = Transform( 1, 0, 0, 0, 1, 0, 0, 0, 1, 0, 2.46026, 1.37304 )
shapes/0/trigger = false
collision_layer = 1
collision_mask = 1
friction = 1.0
bounce = 0.0
constant_linear_velocity = Vector3( 0, 0, 0 )
constant_angular_velocity = Vector3( 0, 0, 0 )

[node name="CollisionShape" type="CollisionShape" parent="StaticBody"]

transform = Transform( 1, 0, 0, 0, 1, 0, 0, 0, 1, 0, 2.46026, 1.37304 )
shape = SubResource( 1 )
trigger = false
_update_shape_index = 0

[node name="Spatial" type="Spatial" parent="."]

[node name="TruckDepotJunction" parent="Spatial" instance=ExtResource( 2 )]

transform = Transform( 1, 0, 0, 0, 1, 0, 0, 0, 1, -10.0519, 1.72515, 0 )

[node name="Scene Root" parent="Spatial" instance=ExtResource( 3 )]

[node name="RayCastToGround" parent="." instance=ExtResource( 4 )]

heightOffset = 1.0

[node name="Finances" type="Node" parent="."]

script = ExtResource( 5 )
purchaseCost = 5000.0
maintenanceCost = 100


